%cSpell:disable
@article{PhysRev.25.753,
  title     = {Precision Measurements of the Lattice Constants of Twelve Common Metals},
  author    = {Davey, Wheeler P.},
  journal   = {Phys. Rev.},
  volume    = {25},
  issue     = {6},
  pages     = {753--761},
  numpages  = {0},
  year      = {1925},
  month     = {Jun},
  publisher = {American Physical Society},
  doi       = {10.1103/PhysRev.25.753},
  url       = {https://link.aps.org/doi/10.1103/PhysRev.25.753}
}
%cSpell:enable